<?xml version="1.0" encoding="UTF-8"?><collection xmlns="http://www.loc.gov/MARC21/slim"><record><leader>00474nam--2200169-i-4500</leader><controlfield tag="001">000002439</controlfield><controlfield tag="002">20161230</controlfield><controlfield tag="005">20161230201025</controlfield><controlfield tag="008">060222s1000------------r-----000-0-eng-d</controlfield><datafield ind1=" " ind2=" " tag="040"><subfield code="a">IFIN-HH</subfield></datafield><datafield ind1=" " ind2=" " tag="080"><subfield code="a">53088</subfield></datafield><datafield ind1="1" ind2=" " tag="100"><subfield code="a">Bevington, Philip R</subfield></datafield><datafield ind1="1" ind2="0" tag="245"><subfield code="a">Data reduction and error analysis for the phys ical sciences</subfield><subfield code="c">Philip r. bevington</subfield></datafield><datafield ind1=" " ind2=" " tag="260"><subfield code="a">New York</subfield><subfield code="b">Mcgraw-hill Book Co</subfield><subfield code="c">1969</subfield></datafield><datafield ind1=" " ind2=" " tag="300"><subfield code="a">XV + 336P</subfield></datafield><datafield ind1=" " ind2=" " tag="852"><subfield code="a">32856</subfield><subfield code="c">53.08</subfield></datafield><datafield ind1=" " ind2=" " tag="CAT"><subfield code="a">Sys</subfield><subfield code="c">20151028</subfield><subfield code="h">153746</subfield></datafield></record></collection>